@inproceedings{kanev2015profiling,
  author    = {Svetoslav Kanev and Kim Hazelwood and Parthasarathy Ranganathan and Timothy M. Jones and Benjamin C. Lee and Christos Kozyrakis},
  title     = {Profiling a Warehouse-Scale Computer},
  booktitle = {Proceedings of the 42nd Annual International Symposium on Computer Architecture},
  pages     = {158--169},
  year      = {2015},
  doi       = {10.1145/2749469.2750392},
  publisher = {ACM}
}

@inproceedings{yuan2024intel,
  author    = {Yongqiang Yuan and Saeed Maleki and Jeff Demme and Dave Dunning and Mark D. Hill},
  title     = {Intel Accelerators Ecosystem: An SoC-Oriented Perspective: Industry Product},
  booktitle = {2024 ACM/IEEE 51st Annual International Symposium on Computer Architecture (ISCA)},
  pages     = {848--862},
  year      = {2024},
  doi       = {10.1109/ISCA59077.2024.00066},
  publisher = {IEEE}
}

@misc{narayanan2023hetero,
  author    = {Deepak Narayanan and Kshitij Santhanam and Farzin Kazhamiaka and Amar Phanishayee and Matei Zaharia},
  title     = {Heterogeneity-Aware Cluster Scheduling Policies for Deep Learning Workloads},
  note      = {Unpublished manuscript}
}

@inproceedings{subramanya2023sia,
  author    = {Siddhartha Jayaram Subramanya and Danish Arfeen and Shan Lin and Andrew Qiao and Zhen Jia and Gregory R. Ganger},
  title     = {Sia: Heterogeneity-Aware, Goodput-Optimized ML-Cluster Scheduling},
  booktitle = {Proceedings of the 29th Symposium on Operating Systems Principles},
  pages     = {642--657},
  year      = {2023},
  doi       = {10.1145/3600006.3613175},
  publisher = {ACM}
}

@inproceedings{anand2023blueprint,
  author    = {Vikram Anand and Divya Garg and Andrew Kaufmann and Jonathan Mace},
  title     = {Blueprint: A Toolchain for Highly-Reconfigurable Microservice Applications},
  booktitle = {Proceedings of the 29th Symposium on Operating Systems Principles},
  pages     = {482--497},
  year      = {2023},
  doi       = {10.1145/3600006.3613138},
  publisher = {ACM}
}
